<?xml version="1.0" encoding="UTF-8"?>
<marc:collection xmlns:marc="http://www.loc.gov/MARC21/slim" xmlns:xsi="http://www.w3.org/2001/XMLSchema-instance" xsi:schemaLocation="http://www.loc.gov/MARC21/slim http://www.loc.gov/standards/marcxml/schema/MARC21slim.xsd">
   <marc:record type="Bibliographic">
      <marc:leader>01609cam a2200373 a 4500</marc:leader>
      <marc:controlfield tag="001">822223</marc:controlfield>
      <marc:controlfield tag="003">NjP</marc:controlfield>
      <marc:controlfield tag="005">20120830135250.0</marc:controlfield>
      <marc:controlfield tag="008">930720q19501959sy            000 0 ara d</marc:controlfield>
      <marc:datafield tag="024" ind1="7" ind2=" ">
         <marc:subfield code="a">princeton_aco000599</marc:subfield>
         <marc:subfield code="2">local</marc:subfield>
      </marc:datafield>
      <marc:datafield tag="035" ind1=" " ind2=" ">
         <marc:subfield code="a">(OCoLC)ocn176216647</marc:subfield>
      </marc:datafield>
      <marc:datafield tag="035" ind1=" " ind2=" ">
         <marc:subfield code="a">(OCoLC)28544949</marc:subfield>
      </marc:datafield>
      <marc:datafield tag="040" ind1=" " ind2=" ">
         <marc:subfield code="a">NjP</marc:subfield>
         <marc:subfield code="c">PUL</marc:subfield>
         <marc:subfield code="d">PUL</marc:subfield>
      </marc:datafield>
      <marc:datafield tag="035" ind1=" " ind2=" ">
         <marc:subfield code="a">(OCoLC)176216647</marc:subfield>
      </marc:datafield>
      <marc:datafield tag="035" ind1=" " ind2=" ">
         <marc:subfield code="a">(CStRLIN)NJPG93-B39259</marc:subfield>
      </marc:datafield>
      <marc:datafield tag="035" ind1=" " ind2=" ">
         <marc:subfield code="9">AEB5717TS</marc:subfield>
      </marc:datafield>
      <marc:datafield tag="035" ind1=" " ind2=" ">
         <marc:subfield code="a">(NjP)822223</marc:subfield>
      </marc:datafield>
      <marc:datafield tag="043" ind1=" " ind2=" ">
         <marc:subfield code="a">ma-----</marc:subfield>
      </marc:datafield>
      <marc:datafield tag="079" ind1=" " ind2=" ">
         <marc:subfield code="a">ocm28544949</marc:subfield>
      </marc:datafield>
      <marc:datafield tag="049" ind1=" " ind2=" ">
         <marc:subfield code="a">PULL</marc:subfield>
      </marc:datafield>
      <marc:datafield tag="245" ind1="0" ind2="3">
         <marc:subfield code="6">880-01</marc:subfield>
         <marc:subfield code="a">al-Manāhij :</marc:subfield>
         <marc:subfield code="b">silsilat abḥāth wa-muḥādarāt fī al-thaqāfah al-rūḥīyah al-ḥadīthah ... /</marc:subfield>
         <marc:subfield code="c">bi-qalam Muḥammad Maʼmūn ʻAbd al-Wahhāb al-Arzanjānī.</marc:subfield>
      </marc:datafield>
      <marc:datafield tag="260" ind1=" " ind2=" ">
         <marc:subfield code="6">880-02</marc:subfield>
         <marc:subfield code="a">Dimashq, Sūrīyah :</marc:subfield>
         <marc:subfield code="b">Muḥammad Saʻdī al-ʻUmarī al-Fārūqī al-Dimashqī,</marc:subfield>
         <marc:subfield code="c">[195-?]-</marc:subfield>
      </marc:datafield>
      <marc:datafield tag="300" ind1=" " ind2=" ">
         <marc:subfield code="a">v. ;</marc:subfield>
         <marc:subfield code="c">20 cm.</marc:subfield>
      </marc:datafield>
      <marc:datafield tag="500" ind1=" " ind2=" ">
         <marc:subfield code="a">Cover title.</marc:subfield>
      </marc:datafield>
      <marc:datafield tag="500" ind1=" " ind2=" ">
         <marc:subfield code="a">Title on p. [4] of cover: al-Manahedj.</marc:subfield>
      </marc:datafield>
      <marc:datafield tag="650" ind1=" " ind2="0">
         <marc:subfield code="a">Occultism</marc:subfield>
         <marc:subfield code="z">Arab countries.</marc:subfield>
      </marc:datafield>
      <marc:datafield tag="700" ind1="1" ind2=" ">
         <marc:subfield code="6">880-03</marc:subfield>
         <marc:subfield code="a">Arzanjānī, Muḥammad Maʼmūn ʻAbd al-Wahhāb.</marc:subfield>
      </marc:datafield>
      <marc:datafield tag="740" ind1="0" ind2=" ">
         <marc:subfield code="a">Manahedj.</marc:subfield>
      </marc:datafield>
      <marc:datafield tag="880" ind1="0" ind2="2">
         <marc:subfield code="6">245-01/r</marc:subfield>
         <marc:subfield code="a">المناهج :</marc:subfield>
         <marc:subfield code="b">سلسلة ابحاث ومحادرات في الثقافة الروحية الحديثة ... /</marc:subfield>
         <marc:subfield code="c">بقلم محمد مأمون عبد الوهاب الارزنجاني.</marc:subfield>
      </marc:datafield>
      <marc:datafield tag="880" ind1=" " ind2=" ">
         <marc:subfield code="6">260-02/r</marc:subfield>
         <marc:subfield code="a">دمشق، سورية :</marc:subfield>
         <marc:subfield code="b">محمد سعدي العمري الفاروقي الدمشقي،</marc:subfield>
         <marc:subfield code="c">[195-؟]</marc:subfield>
      </marc:datafield>
      <marc:datafield tag="880" ind1="1" ind2=" ">
         <marc:subfield code="6">700-03/r</marc:subfield>
         <marc:subfield code="a">ارزنجاني، محمد مأمون عبد الوهاب.</marc:subfield>
      </marc:datafield>
      <marc:datafield tag="998" ind1=" " ind2=" ">
         <marc:subfield code="a">07/20/93</marc:subfield>
         <marc:subfield code="s">9114</marc:subfield>
         <marc:subfield code="n">NjP</marc:subfield>
         <marc:subfield code="d">07/20/93</marc:subfield>
         <marc:subfield code="c">JEB</marc:subfield>
         <marc:subfield code="b">JEB</marc:subfield>
         <marc:subfield code="i">930720</marc:subfield>
         <marc:subfield code="l">NJPG</marc:subfield>
      </marc:datafield>
      <marc:datafield tag="911" ind1=" " ind2=" ">
         <marc:subfield code="a">19930731</marc:subfield>
      </marc:datafield>
      <marc:datafield tag="912" ind1=" " ind2=" ">
         <marc:subfield code="a">19930720000000.0</marc:subfield>
      </marc:datafield>
      <marc:datafield tag="994" ind1=" " ind2=" ">
         <marc:subfield code="a">C0</marc:subfield>
         <marc:subfield code="b">PUL</marc:subfield>
      </marc:datafield>
      <marc:datafield tag="999" ind1=" " ind2=" ">
         <marc:subfield code="a">822223</marc:subfield>
      </marc:datafield>
   </marc:record>
</marc:collection>
